@article{latombe,
    author = {Hector Gonzalez-Banos and Jean-Claude Latombe},
    title = {Planning Robot Motions for Range-Image Acquisition and Automatic 3D Model Construction},
    journal = {Integrated Planning for Autonomous Agent Architectures},
    year = {1998}
}

@article{kavraki,
  author          = {Tim Danner and Lydia E. Kavraki},
  title           = {Randomized Planning for Short Inspection Paths},
  journal         = {IEEE International Conference on Robotics and Automation},
  year            = {2000}
}

@article{hover,
  author          = {Brendan Englot and Hover Franz},
  title           = {Sampling-Based Coverage Path Planning for Inspection of Complex Structures},
  journal         = {International Conference on Automated Planning and Scheduling},
  year            = {2012}
}

@article{bircher_1,
  author          = {Andreas Bircher, Mina Kamel, Kostas Alexis, Michael Burri, Philipp Oettershagen, Sammy Omari, Thomas Mantel, Roland Siegwart},
  title           = {Three-dimensional coverage path planning via viewpoint resampling and tour optimization for aerial robots},
  journal         = {Autonomous Robots},
  volume          = {40},
  year            = {2016}
}

@article{bircher_sip,
  author          = {Andreas Bircher, Kostas Alexis, Michael Burri, Philipp Oettershagen, Sammy Omari, Thomas Mantel, Roland Siegwart},
  title           = {Structural Inspection Path Planning via Iterative Viewpoint Resampling with Application to Aerial Robotics},
  journal         = {IEEE International Conference on Robotics and Automation},
  year            = {2015}
}

@article{alexis,
  author    = {Kostas Alexis},
  title     = {Realizing the Aerial Robotic Worker for Inspection Operations},
  journal   = {CoRR},
  volume    = {abs/1703.02640},
  year      = {2017},
  url       = {http://arxiv.org/abs/1703.02640},
  archivePrefix = {arXiv},
  eprint    = {1703.02640},
  timestamp = {Mon, 13 Aug 2018 16:49:05 +0200},
  biburl    = {https://dblp.org/rec/journals/corr/Alexis17a.bib},
  bibsource = {dblp computer science bibliography, https://dblp.org}
}

@misc{stocking,
  author       = {Angus Stocking},
  title        = {Cell Tower Inspection and Maintenance: UAV Reality Capture and Digital Twin Pilot Project Suggest Major Efficiency Gains},
  howpublished = {Available at \url{https://informedinfrastructure.com/45504/cell-tower-inspection-and-maintenance-uav-reality-capture-and-digital-twin-pilot-project-suggest-major-efficiency-gains/} (2020/11/23)},
  year         = {2019}
}

@ARTICLE{prm,
  author={L. E. {Kavraki} and P. {Svestka} and J. -. {Latombe} and M. H. {Overmars}},
  journal={IEEE Transactions on Robotics and Automation}, 
  title={Probabilistic roadmaps for path planning in high-dimensional configuration spaces}, 
  year={1996},
  volume={12},
  number={4},
  pages={566-580},
  doi={10.1109/70.508439}
}